@article{Dehlinger_2002,
   title={Entangled photons, nonlocality, and Bell inequalities in the undergraduate laboratory},
   volume={70},
   ISSN={1943-2909},
   url={http://dx.doi.org/10.1119/1.1498860},
   DOI={10.1119/1.1498860},
   number={9},
   journal={American Journal of Physics},
   publisher={American Association of Physics Teachers (AAPT)},
   author={Dehlinger, Dietrich and Mitchell, M. W.},
   year={2002},
   month=aug, pages={903â€“910} }
